@article{ranjbarzadeh,
    title = {Brain tumor segmentation of MRI images: A comprehensive review on the application of artificial intelligence tools},
    journal = {Computers in Biology and Medicine},
    volume = {152},
    pages = {106405},
    year = {2023},
    issn = {0010-4825},
    doi = {https://doi.org/10.1016/j.compbiomed.2022.106405},
    url = {https://www.sciencedirect.com/science/article/pii/S0010482522011131},
    author = {Ramin Ranjbarzadeh and Annalina Caputo and Erfan Babaee Tirkolaee and Saeid {Jafarzadeh Ghoushchi} and Malika Bendechache}
}

@misc{brain_anatomy,
  title = {Anatomy of the Brain},
  author = {{Johns Hopkins Medicine}},
  howpublished = {\url{https://www.hopkinsmedicine.org/health/conditions-and-diseases/anatomy-of-the-brain}},
  note = {[Online]},
  url = {https://www.hopkinsmedicine.org/health/conditions-and-diseases/anatomy-of-the-brain},
  urldate = {2023-10-04}
}

@misc{brain_tumor,
  title = {Brain Tumor Diagnosis},
  author = {{Johns Hopkins Medicine}},
  howpublished = {\url{https://www.hopkinsmedicine.org/health/conditions-and-diseases/brain-tumor#diagnosis}},
  note = {[Online]},
  url = {https://www.hopkinsmedicine.org/health/conditions-and-diseases/brain-tumor#diagnosis},
  urldate = {2023-10-04}
}

@article{KOMORI2022126,
title = {Grading of adult diffuse gliomas according to the 2021 WHO Classification of Tumors of the Central Nervous System},
journal = {Laboratory Investigation},
volume = {102},
number = {2},
pages = {126-133},
year = {2022},
issn = {0023-6837},
doi = {https://doi.org/10.1038/s41374-021-00667-6},
url = {https://www.sciencedirect.com/science/article/pii/S0023683722000745},
author = {Takashi Komori}
}

@article{asa2022overview,
  title={Overview of the 2022 WHO classification of pituitary tumors},
  author={Asa, Sylvia L and Mete, Ozgur and Perry, Arie and Osamura, Robert Y},
  journal={Endocrine pathology},
  volume={33},
  number={1},
  pages={6--26},
  year={2022},
  publisher={Springer}
}

@article{brunasso2022spotlight,
  title={A spotlight on the role of radiomics and machine-learning applications in the management of intracranial meningiomas: a new perspective in neuro-oncology: a review},
  author={Brunasso, Lara and Ferini, Gianluca and Bonosi, Lapo and Costanzo, Roberta and Musso, Sofia and Benigno, Umberto E and Gerardi, Rosa M and Giammalva, Giuseppe R and Paolini, Federica and Umana, Giuseppe E and others},
  journal={Life},
  volume={12},
  number={4},
  pages={586},
  year={2022},
  publisher={MDPI}
}

@article{somatilaka2022malignant,
  title={Malignant peripheral nerve sheath tumor: Models, biology, and translation},
  author={Somatilaka, Bandarigoda N and Sadek, Ali and McKay, Renee M and Le, Lu Q},
  journal={Oncogene},
  volume={41},
  number={17},
  pages={2405--2421},
  year={2022},
  publisher={Nature Publishing Group UK London}
}

@article{soomro2022image,
  title={Image segmentation for MR brain tumor detection using machine learning: A Review},
  author={Soomro, Toufique A and Zheng, Lihong and Afifi, Ahmed J and Ali, Ahmed and Soomro, Shafiullah and Yin, Ming and Gao, Junbin},
  journal={IEEE Reviews in Biomedical Engineering},
  year={2022},
  publisher={IEEE}
}

@article{xu2022medical,
  title={A medical image segmentation method based on multi-dimensional statistical features},
  author={Xu, Yang and He, Xianyu and Xu, Guofeng and Qi, Guanqiu and Yu, Kun and Yin, Li and Yang, Pan and Yin, Yuehui and Chen, Hao},
  journal={Frontiers in Neuroscience},
  volume={16},
  pages={1009581},
  year={2022},
  publisher={Frontiers}
}

@article{pandey2022comprehensive,
  title={A comprehensive survey of deep learning in the field of medical imaging and medical natural language processing: Challenges and research directions},
  author={Pandey, Babita and Pandey, Devendra Kumar and Mishra, Brijendra Pratap and Rhmann, Wasiur},
  journal={Journal of King Saud University-Computer and Information Sciences},
  volume={34},
  number={8},
  pages={5083--5099},
  year={2022},
  publisher={Elsevier}
}

@inproceedings{you2022eg,
  title={EG-Trans3DUNet: a single-staged transformer-based model for accurate vertebrae segmentation from spinal CT images},
  author={You, Xin and Gu, Yun and Liu, Yingying and Lu, Steve and Tang, Xin and Yang, Jie},
  booktitle={2022 IEEE 19th International Symposium on Biomedical Imaging (ISBI)},
  pages={1--5},
  year={2022},
  organization={IEEE}
}

@article{biratu2021survey,
  title={A survey of brain tumor segmentation and classification algorithms},
  author={Biratu, Erena Siyoum and Schwenker, Friedhelm and Ayano, Yehualashet Megersa and Debelee, Taye Girma},
  journal={Journal of Imaging},
  volume={7},
  number={9},
  pages={179},
  year={2021},
  publisher={MDPI}
}

@article{das2022artificial,
  title={An artificial intelligence framework and its bias for brain tumor segmentation: A narrative review},
  author={Das, Suchismita and Nayak, Gopal Krishna and Saba, Luca and Kalra, Mannudeep and Suri, Jasjit S and Saxena, Sanjay},
  journal={Computers in biology and medicine},
  volume={143},
  pages={105273},
  year={2022},
  publisher={Elsevier}
}

@article{walsh2022using,
  title={Using U-Net network for efficient brain tumor segmentation in MRI images},
  author={Walsh, Jason and Othmani, Alice and Jain, Mayank and Dev, Soumyabrata},
  journal={Healthcare Analytics},
  volume={2},
  pages={100098},
  year={2022},
  publisher={Elsevier}
}

@article{punn2022modality,
  title={Modality specific U-Net variants for biomedical image segmentation: a survey},
  author={Punn, Narinder Singh and Agarwal, Sonali},
  journal={Artificial Intelligence Review},
  volume={55},
  number={7},
  pages={5845--5889},
  year={2022},
  publisher={Springer}
}

@article{li2022unet++,
  title={CA-Unet++: An improved structure for medical CT scanning based on the Unet++ Architecture},
  author={Li, Bo and Wu, Fei and Liu, Sikai and Tang, Jinhong and Li, GuangHui and Zhong, Meiling and Guan, Xiaohui},
  journal={International Journal of Intelligent Systems},
  volume={37},
  number={11},
  pages={8814--8832},
  year={2022},
  publisher={Wiley Online Library}
}

@inproceedings{jha2020doubleu,
  title={Doubleu-net: A deep convolutional neural network for medical image segmentation},
  author={Jha, Debesh and Riegler, Michael A and Johansen, Dag and Halvorsen, P{\aa}l and Johansen, H{\aa}vard D},
  booktitle={2020 IEEE 33rd International symposium on computer-based medical systems (CBMS)},
  pages={558--564},
  year={2020},
  organization={IEEE}
}

@inproceedings{hu2018squeeze,
  title={Squeeze-and-excitation networks},
  author={Hu, Jie and Shen, Li and Sun, Gang},
  booktitle={Proceedings of the IEEE conference on computer vision and pattern recognition},
  pages={7132--7141},
  year={2018}
}

@article{chen2017deeplab,
  title={Deeplab: Semantic image segmentation with deep convolutional nets, atrous convolution, and fully connected crfs},
  author={Chen, Liang-Chieh and Papandreou, George and Kokkinos, Iasonas and Murphy, Kevin and Yuille, Alan L},
  journal={IEEE transactions on pattern analysis and machine intelligence},
  volume={40},
  number={4},
  pages={834--848},
  year={2017},
  publisher={IEEE}
}

@article{diakogiannis2020resunet,
  title={ResUNet-a: A deep learning framework for semantic segmentation of remotely sensed data},
  author={Diakogiannis, Foivos I and Waldner, Fran{\c{c}}ois and Caccetta, Peter and Wu, Chen},
  journal={ISPRS Journal of Photogrammetry and Remote Sensing},
  volume={162},
  pages={94--114},
  year={2020},
  publisher={Elsevier}
}

@article{thisanke2023semantic,
  title={Semantic segmentation using Vision Transformers: A survey},
  author={Thisanke, Hans and Deshan, Chamli and Chamith, Kavindu and Seneviratne, Sachith and Vidanaarachchi, Rajith and Herath, Damayanthi},
  journal={Engineering Applications of Artificial Intelligence},
  volume={126},
  pages={106669},
  year={2023},
  publisher={Elsevier}
}

@article{chen2021transunet,
  title={Transunet: Transformers make strong encoders for medical image segmentation},
  author={Chen, Jieneng and Lu, Yongyi and Yu, Qihang and Luo, Xiangde and Adeli, Ehsan and Wang, Yan and Lu, Le and Yuille, Alan L and Zhou, Yuyin},
  journal={arXiv preprint arXiv:2102.04306},
  year={2021}
}

@article{zhu2023brain,
  title={Brain tumor segmentation based on the fusion of deep semantics and edge information in multimodal MRI},
  author={Zhu, Zhiqin and He, Xianyu and Qi, Guanqiu and Li, Yuanyuan and Cong, Baisen and Liu, Yu},
  journal={Information Fusion},
  volume={91},
  pages={376--387},
  year={2023},
  publisher={Elsevier}
}

@article{shamshad2023transformers,
  title={Transformers in medical imaging: A survey},
  author={Shamshad, Fahad and Khan, Salman and Zamir, Syed Waqas and Khan, Muhammad Haris and Hayat, Munawar and Khan, Fahad Shahbaz and Fu, Huazhu},
  journal={Medical Image Analysis},
  pages={102802},
  year={2023},
  publisher={Elsevier}
}

@inproceedings{hatamizadeh2022unetr,
  title={Unetr: Transformers for 3d medical image segmentation},
  author={Hatamizadeh, Ali and Tang, Yucheng and Nath, Vishwesh and Yang, Dong and Myronenko, Andriy and Landman, Bennett and Roth, Holger R and Xu, Daguang},
  booktitle={Proceedings of the IEEE/CVF winter conference on applications of computer vision},
  pages={574--584},
  year={2022}
}

@article{zhao2021dsal,
  title={Dsal: Deeply supervised active learning from strong and weak labelers for biomedical image segmentation},
  author={Zhao, Ziyuan and Zeng, Zeng and Xu, Kaixin and Chen, Cen and Guan, Cuntai},
  journal={IEEE journal of biomedical and health informatics},
  volume={25},
  number={10},
  pages={3744--3751},
  year={2021},
  publisher={IEEE}
}

@article{wang2022medical,
  title={Medical image segmentation using deep learning: A survey},
  author={Wang, Risheng and Lei, Tao and Cui, Ruixia and Zhang, Bingtao and Meng, Hongying and Nandi, Asoke K},
  journal={IET Image Processing},
  volume={16},
  number={5},
  pages={1243--1267},
  year={2022},
  publisher={Wiley Online Library}
}

@article{malhotra2022deep,
  title={Deep neural networks for medical image segmentation},
  author={Malhotra, Priyanka and Gupta, Sheifali and Koundal, Deepika and Zaguia, Atef and Enbeyle, Wegayehu and others},
  journal={Journal of Healthcare Engineering},
  volume={2022},
  year={2022},
  publisher={Hindawi}
}

@article{ottom2022znet,
  title={Znet: deep learning approach for 2D MRI brain tumor segmentation},
  author={Ottom, Mohammad Ashraf and Rahman, Hanif Abdul and Dinov, Ivo D},
  journal={IEEE Journal of Translational Engineering in Health and Medicine},
  volume={10},
  pages={1--8},
  year={2022},
  publisher={IEEE}
}

@inproceedings{liu2021swin,
  title={Swin transformer: Hierarchical vision transformer using shifted windows},
  author={Liu, Ze and Lin, Yutong and Cao, Yue and Hu, Han and Wei, Yixuan and Zhang, Zheng and Lin, Stephen and Guo, Baining},
  booktitle={Proceedings of the IEEE/CVF international conference on computer vision},
  pages={10012--10022},
  year={2021}
}

@article{jiang2022swinbts,
  title={SwinBTS: A method for 3D multimodal brain tumor segmentation using swin transformer},
  author={Jiang, Yun and Zhang, Yuan and Lin, Xin and Dong, Jinkun and Cheng, Tongtong and Liang, Jing},
  journal={Brain sciences},
  volume={12},
  number={6},
  pages={797},
  year={2022},
  publisher={MDPI}
}

@article{hatamizadeh2022unetformer,
  title={Unetformer: A unified vision transformer model and pre-training framework for 3d medical image segmentation},
  author={Hatamizadeh, Ali and Xu, Ziyue and Yang, Dong and Li, Wenqi and Roth, Holger and Xu, Daguang},
  journal={arXiv preprint arXiv:2204.00631},
  year={2022}
}

@inproceedings{futrega2021optimized,
  title={Optimized U-Net for brain tumor segmentation},
  author={Futrega, Micha{\l} and Milesi, Alexandre and Marcinkiewicz, Micha{\l} and Ribalta, Pablo},
  booktitle={International MICCAI Brainlesion Workshop},
  pages={15--29},
  year={2021},
  organization={Springer}
}
@inproceedings{hou2021brain,
  title={Brain segmentation based on UNet++ with weighted parameters and convolutional neural network},
  author={Hou, Alin and Wu, Lang and Sun, Hongjian and Yang, Qihao and Ji, Hongkun and Cui, Bo and Ji, Peng},
  booktitle={2021 IEEE International conference on advances in electrical engineering and computer applications (AEECA)},
  pages={644--648},
  year={2021},
  organization={IEEE}
}

@article{raza2023dresu,
  title={dResU-Net: 3D deep residual U-Net based brain tumor segmentation from multimodal MRI},
  author={Raza, Rehan and Bajwa, Usama Ijaz and Mehmood, Yasar and Anwar, Muhammad Waqas and Jamal, M Hassan},
  journal={Biomedical Signal Processing and Control},
  volume={79},
  pages={103861},
  year={2023},
  publisher={Elsevier}
}

@article{chen20233d,
  title={3D TransUNet: Advancing Medical Image Segmentation through Vision Transformers},
  author={Chen, Jieneng and Mei, Jieru and Li, Xianhang and Lu, Yongyi and Yu, Qihang and Wei, Qingyue and Luo, Xiangde and Xie, Yutong and Adeli, Ehsan and Wang, Yan and others},
  journal={arXiv preprint arXiv:2310.07781},
  year={2023}
}

@article{montaha2023brain,
  title={Brain Tumor Segmentation from 3D MRI Scans Using U-Net},
  author={Montaha, Sidratul and Azam, Sami and Rakibul Haque Rafid, AKM and Hasan, Md Zahid and Karim, Asif},
  journal={SN Computer Science},
  volume={4},
  number={4},
  pages={386},
  year={2023},
  publisher={Springer}
}

@article{khanal2023m,
  title={M-VAAL: Multimodal Variational Adversarial Active Learning for Downstream Medical Image Analysis Tasks},
  author={Khanal, Bidur and Bhattarai, Binod and Khanal, Bishesh and Stoyanov, Danail and Linte, Cristian A},
  journal={arXiv preprint arXiv:2306.12376},
  year={2023}
}

@article{sailunaz2023brain,
  title={Brain tumor detection and segmentation: Interactive framework with a visual interface and feedback facility for dynamically improved accuracy and trust},
  author={Sailunaz, Kashfia and Bestepe, Deniz and Alhajj, Sleiman and {\"O}zyer, Tansel and Rokne, Jon and Alhajj, Reda},
  journal={Plos one},
  volume={18},
  number={4},
  pages={e0284418},
  year={2023},
  publisher={Public Library of Science San Francisco, CA USA}
}

@article{wang2018interactive,
  title={Interactive medical image segmentation using deep learning with image-specific fine tuning},
  author={Wang, Guotai and Li, Wenqi and Zuluaga, Maria A and Pratt, Rosalind and Patel, Premal A and Aertsen, Michael and Doel, Tom and David, Anna L and Deprest, Jan and Ourselin, S{\'e}bastien and others},
  journal={IEEE transactions on medical imaging},
  volume={37},
  number={7},
  pages={1562--1573},
  year={2018},
  publisher={IEEE}
}
